<record><leader>00000cas a22000007a 4500</leader><controlfield tag="001">22929224</controlfield><controlfield tag="008">910107d19591961nyuwr ne      0    0eng d</controlfield><controlfield tag="009">550</controlfield><datafield ind1=" " ind2=" " tag="010"><subfield code="a">sn 90066439 </subfield></datafield><datafield ind1=" " ind2=" " tag="040"><subfield code="a">NYS</subfield><subfield code="b">eng</subfield><subfield code="c">NYS</subfield><subfield code="d">DLC</subfield><subfield code="d">NYS</subfield><subfield code="d">OCLCQ</subfield><subfield code="d">NYS</subfield></datafield><datafield ind1="1" ind2=" " tag="029"><subfield code="a">AU@</subfield><subfield code="b">000025867375</subfield></datafield><datafield ind1=" " ind2=" " tag="042"><subfield code="a">msc</subfield></datafield><datafield ind1="0" ind2="4" tag="245"><subfield code="a">The Eagle-bulletin and DeWitt times.</subfield></datafield><datafield ind1="3" ind2="0" tag="246"><subfield code="a">Eagle bulletin and DeWitt times</subfield></datafield><datafield ind1=" " ind2=" " tag="260"><subfield code="a">Fayetteville, N.Y. :</subfield><subfield code="b">Wobo Corp.,</subfield><subfield code="c">1959-1961.</subfield></datafield><datafield ind1=" " ind2=" " tag="300"><subfield code="a">v. ;</subfield><subfield code="c">48 cm.</subfield></datafield><datafield ind1=" " ind2=" " tag="310"><subfield code="a">Weekly</subfield></datafield><datafield ind1="0" ind2=" " tag="362"><subfield code="a">Vol. 21-75, no. 1 (Jan. 8, 1959)-v. 75-3, no. 35 (Aug. 31, 1961).</subfield></datafield><datafield ind1=" " ind2=" " tag="580"><subfield code="a">Merged with: DeWitt-East Syracuse town news, and: Eastwood news, to form: Eagle-bulletin, DeWitt news-times.</subfield></datafield><datafield ind1=" " ind2="4" tag="651"><subfield code="a">Fayetteville (N.Y.)</subfield><subfield code="v">Newspapers.</subfield></datafield><datafield ind1=" " ind2=" " tag="752"><subfield code="a">United States</subfield><subfield code="b">New York</subfield><subfield code="c">Onondaga</subfield><subfield code="d">Fayetteville.</subfield></datafield><datafield ind1="0" ind2="4" tag="780"><subfield code="t">Eagle-bulletin (Fayetteville, N.Y. : 1933)</subfield><subfield code="w">(DLC)sn 84031467</subfield><subfield code="w">(OCoLC)10947754</subfield></datafield><datafield ind1="0" ind2="4" tag="780"><subfield code="t">DeWitt times</subfield></datafield><datafield ind1="1" ind2="7" tag="785"><subfield code="t">DeWitt-East Syracuse town news</subfield><subfield code="w">(OCoLC)27051397</subfield></datafield><datafield ind1="1" ind2="7" tag="785"><subfield code="t">Eastwood news</subfield><subfield code="w">(OCoLC)27058499</subfield></datafield><datafield ind1="1" ind2="7" tag="785"><subfield code="t">Eagle-bulletin, DeWitt news-times</subfield><subfield code="w">(DLC)sn 88075723</subfield></datafield></record>